@book{emmanuel_appropriate_1982,
  title = {Appropriate {{Or Underdeveloped Technology}}?},
  author = {Emmanuel, Arghiri},
  date = {1982},
  publisher = {{John Wiley \& Sons}},
  location = {{Hoboken, N.J.}},
  abstract = {Good,No Highlights,No Markup,all pages are intact, Slight Shelfwear,may have the corners slightly dented, may have slight color changes/slightly damaged spine.},
  isbn = {978-0-471-10467-4},
  langid = {english},
  pagetotal = {200},
  keywords = {Business & Economics / Development / Economic Development,Business & Economics / International / General,Technology & Engineering / Social Aspects},
  file = {/home/coyu3/Zotero/storage/RSJPEAYA/Emmanuel_1982_Appropriate Or Underdeveloped Technology.pdf;/home/coyu3/Zotero/storage/T3BI3U6K/Emmanuel_1982_Appropriate Or Underdeveloped Technology.pdf}
}

@article{emmanuel_myths_1974,
  title = {Myths of {{Development}} versus {{Myths}} of {{Underdevelopment}}},
  author = {Emmanuel, Arghiri},
  date = {1974-05/1974-06},
  journaltitle = {New Left Review},
  shortjournal = {NLR},
  series = {I},
  number = {85},
  pages = {61--82},
  issn = {0028-6060},
  file = {/home/coyu3/Zotero/storage/BPIF5AXI/Emmanuel_1974_Myths of Development versus Myths of Underdevelopment.pdf;/home/coyu3/Zotero/storage/SFXE6WXF/Emmanuel_1974_Myths of Development versus Myths of Underdevelopment.pdf;/home/coyu3/Zotero/storage/8JQTNU6E/arghiri-emmanuel-myths-of-development-versus-myths-of-underdevelopment.html;/home/coyu3/Zotero/storage/GADICES5/arghiri-emmanuel-myths-of-development-versus-myths-of-underdevelopment.html}
}
